
@article{Goutte13,
author = "S. Goutte and N. Oudjane and F. Russo",
title = "Variance optimal hedging for discrete time processes with independent increments, Application to Electricity Markets",
journal= "Journal of Computational Finance",
volume = "17",
pages ="71--111",
year = "2013"
}
@article{Hor91,
author = "K. Hornik",
title = "Approximation capabilities of multilayer feedforward networks",
journal= "Neural Networks",
volume = "4",
number= "2",
pages ="251-257",
year = "1991"
}
@article{Angelini10,
author = "F. Angelini and S. Herzel",
title = "Explicit formulas for the minimal hedging strategy in a martingale case",
journal= "Decisions in Economics and Finance",
volume = "33",
pages ="63--79",
year = "2010"
}
@article{Angelini09,
author = "F. Angelini and S. Herzel",
title = "Measuring the error of dynamic hedging: a Laplace transform approach",
journal= "Journal of Computational Finance",
volume = "13",
pages ="47--72",
year = "2009"
}

@article{He06,
author = "C. He and J.S. Kennedy and T. F. Coleman and P. A. Forsyth and Y. Li and K. R. Vetzal",
title = "Calibration and Hedging under Jump Diffusion",
journal = "Review of Derivative Research",
volume = "9",
number= "1",
pages ="1-35",
year = "2006"
}
@article{Merton73,
author = "R. Merton",
title = "The theory of rational option pricing",
journal = "Bell Journal of Economics and Management Science",
volume = "4",
pages ="141--183",
year = "1973"
}

@article{Carr98,
author = "P. Carr and K. Ellis and V. Gupta",
title = "Static Hedging of Exotic Options",
journal = "Journal of Finance",
volume = "53",
pages ="1165--1190",
year = "1998"
}

@inproceedings{pahikkala2006fast,
  title={Fast n-fold cross-validation for regularized least-squares},
  author={Pahikkala, Tapio and Boberg, Jorma and Salakoski, Tapio},
  booktitle={Proceedings of the ninth Scandinavian conference on artificial intelligence (SCAI 2006)},
  pages={83--90},
  year={2006},
  organization={Otamedia Oy, Espoo, Finland}
}


@book{hull2006options,
  title={Options, futures, and other derivatives},
  author={Hull, John C},
  year={2006},
  publisher={Pearson Education India}
}
@misc{optionmetrics2008ivy,
  title={Ivy DB File and Data Reference Manual},
  author={OptionMetrics, LLC},
  year={2008},
  publisher={September}
}

@article{heston1993closed,
  title={A closed-form solution for options with stochastic volatility with applications to bond and currency options},
  author={Heston, Steven L},
  journal={Review of financial studies},
  volume={6},
  number={2},
  pages={327--343},
  year={1993},
  publisher={Soc Financial Studies}
}

@article{alexander09,
  Author        = "C. Alexander and A. Kaeck and L. M. Nogueira",
  Title         = "Model risk adjusted hedge ratios",
  journal = "Journal of Futures Markets",
   volume = "29",
   number = "11",
   pages ="1021--1049",
   year  ="2009"
  }
@article{Dupire94,
  Author        = "B. Dupire",
  Title         = "Pricing with a smile",
  journal = "Risk",
   volume = "7",
   pages ="18--20",
   year  ="1994"
  }

  @article{DermanKani94,
  Author        = "E. Derman and I. Kani",
  Title         = "Riding on a smile",
  journal = "Risk",
   volume = "7",
   pages ="32--39",
   year  ="1994"
         }


@article{DermanKani96,
  Author        = "E. Derman and I. Kani and J. Zou",
  Title         = "The Local Volatility Surface: Unlocking the
                   Information in Index Option Prices",
  journal = "Financial Analysts Journal",
   pages ="25--36",
   year  ="1996"

  }

@article{JackwerthRubenstein96,
  Author        = "Jens Jackwerth and Mark Rubinstein",
  Title         = "Recovering Probability Distributions from Option Prices",
  journal = "The Journal of Finance",
   volume = "51",
   number = "5",
   pages ="1611--1631",
   year  ="1996"
  }

@article{Andersen-etal98,
  Author        = "Leif Andersen and Rupert Brotherton-Ratcliffe",
  Title         = "The equity option volatility smile: an implicit finite-difference approach",
  journal = "The Journal of Computational Finance",
   volume = "1",
   number = "2",
   pages ="5--32",
   year  ="1998"
  }
@article{CLV98,
  Author        = "Thomas F. Coleman and Yuying Li and Arun Verma",
  Title         = "
                  Reconstructing the Unknown Local Volatility Function",
JOURNAL   = "The Journal of Computational Finance",
VOLUME    = "2",
NUMBER    = "3",
 Year          = "1999",
  Pages         = "77-102"

  }
@article{hutchinson,
  title={A nonparametric approach to pricing and hedging derivative securities via learning networks},
  author={Hutchinson, James M and Lo, Andrew W and Poggio, Tomaso},
  journal={The Journal of Finance},
  volume={49},
  number={3},
  pages={851--889},
  year={1994},
  publisher={Wiley Online Library}
}

@article{black1973pricing,
  title={The pricing of options and corporate liabilities},
  author={Black, Fischer and Scholes, Myron},
  journal={The journal of political economy},
  pages={637--654},
  year={1973},
  publisher={JSTOR}
}

@article{genccay2003degree,
  title={Degree of mispricing with the black-scholes model and nonparametric cures},
  author={Gen{\c{c}}ay, Ramazan and Salih, Aslihan and others},
  journal={Annals of Economics and Finance},
  volume={4},
  pages={73--102},
  year={2003},
  publisher={Citeseer}
}
@article{french1987expected,
  title={Expected stock returns and volatility},
  author={French, Kenneth R and Schwert, G William and Stambaugh, Robert F},
  journal={Journal of financial Economics},
  volume={19},
  number={1},
  pages={3--29},
  year={1987},
  publisher={Elsevier}
}

@article{bollerslev2006leverage,
  title={Leverage and volatility feedback effects in high-frequency data},
  author={Bollerslev, Tim and Litvinova, Julia and Tauchen, George},
  journal={Journal of Financial Econometrics},
  volume={4},
  number={3},
  pages={353--384},
  year={2006},
  publisher={Oxford Univ Press}
}




@article{bakshi2000,
  title={},
  author={Bakshi, Gurdip and Cao, Charles and Chen, Zhiwu},
  journal={The Journal of finance},
  volume={52},
  number={5},
  pages={2003--2049},
  year={1997},
  publisher={Wiley Online Library}
}
@INCOLLECTION{Hea01b,
  author  =      {D. Heath and E. Platen and M. Schweizer},
  title =        {Numerical Comparison of Local Risk-Minimisation and Mean-Variance Hedging},
  pages =        {509-537},
  publisher =    {(ed. E. Jouini, J. Cvitanic and, M. Musiela)},
  year =         {2001b},
  booktitle =    {Option pricing, interest rates and risk management},
  address =      {Cambridge Univ. Press}
  }

@ARTICLE{Schw89,
  author =       {H. F\"{o}llmer and M. Schweizer},
  title =        {Hedging by Sequential Regression: An Introduction to the Mathematics of Option Trading},
  journal =      {The ASTIN Bulletin},
  year =         {1989},
  volume =       {1},
  pages =        {147-160}
  }
  @ARTICLE{Schw95,
  author =       {M. Schweizer},
  title =        {Variance-Optimal Hedging in Discrete Time},
  journal =      {Mathematics of Operation Research},
  year =         {1995},
  volume =       {20},
  pages =        {1-32}
  }
  @ARTICLE{Sch94,
  author =       {M. Sch\"{a}l},
  title =        {On Quadratic Cost Criteria for Option Hedging},
  journal =      {Mathematics of Operation Research},
  year =         {1994},
  volume =       {19},
  number =       {1},
  pages =        {121-131}
  }


@INCOLLECTION{CLP07,
  Author        = "T. F. Coleman and Y. Li and M. Patron",
  Title         = "Total Risk Minimization Using {M}onte-Carlo Simulations",
  BOOKTITLE  = "Handbook of Financial Engineering",
  EDITOR =  "John R. Birge and Vadim Linetsky ",
  PUBLISHER = "Elsevier",
  Year          = "2007",
  page       = "593-635"
  }
  @article{CLP02,
  Author        = "Thomas F. Coleman and Yuying Li and M. Patron",
  Title         = "Discrete Hedging Under Piecewise Linear Risk Minimization",
  Journal= "The Journal of Risk",
  Year          = "2003",
  volume= "5",
  number ="",
  pages ="39-65"
  }
@article{alexnader2007,
  title={},
  author={Bakshi, Gurdip and Cao, Charles and Chen, Zhiwu},
  journal={The Journal of finance},
  volume={52},
  number={5},
  pages={2003--2049},
  year={1997},
  publisher={Wiley Online Library}
}
@article{poulsen2009,
  title={Risk minimization in stochastic volatility models: model risk and empirical performance},
  author={R., K. Poulsen and  R. Schenk-Hopp$\acute{e}$ and C.-O Ewald},
  journal={Quantitative Finance},
  volume={9},
  number={6},
  pages={693--704},
  year={2009}
}

@article{barlett2006,
  title={},
  author={Bakshi, Gurdip and Cao, Charles and Chen, Zhiwu},
  journal={The Journal of finance},
  volume={52},
  number={5},
  pages={2003--2049},
  year={1997},
  publisher={Wiley Online Library}
}
@article{crepey2004,
  title={Delta-hedging vega risk},
  author={S. Cr$\acute{e}$pey},
  journal={Quantitative Finance},
  volume={4},
  number={October},
  pages={559--579},
  year={2004}
}
@article{alexander2012,
  title={},
  author={Bakshi, Gurdip and Cao, Charles and Chen, Zhiwu},
  journal={The Journal of finance},
  volume={52},
  number={5},
  pages={2003--2049},
  year={1997},
  publisher={Wiley Online Library}
}
@article{hull1987pricing,
  title={The pricing of options on assets with stochastic volatilities},
  author={Hull, John and White, Alan},
  journal={The journal of finance},
  volume={42},
  number={2},
  pages={281--300},
  year={1987},
  publisher={Wiley Online Library}
}



@article{hagan2002managing,
  title={Managing smile risk},
  author={Hagan, Patrick S and Kumar, Deep and Lesniewski, Andrew S and Woodward, Diana E},
  journal={The Best of Wilmott},
  pages={249},
  year={2002}
}

@article{bollerslev1986generalized,
  title={Generalized autoregressive conditional heteroskedasticity},
  author={Bollerslev, Tim},
  journal={Journal of econometrics},
  volume={31},
  number={3},
  pages={307--327},
  year={1986},
  publisher={Elsevier}
}

@article{dumas1998implied,
  title={Implied volatility functions: Empirical tests},
  author={Dumas, Bernard and Fleming, Jeff and Whaley, Robert E},
  journal={The Journal of Finance},
  volume={53},
  number={6},
  pages={2059--2106},
  year={1998},
  publisher={Wiley Online Library}
}

@article{rubinstein1994implied,
  title={Implied binomial trees},
  author={Rubinstein, Mark},
  journal={The Journal of Finance},
  volume={49},
  number={3},
  pages={771--818},
  year={1994},
  publisher={Wiley Online Library}
}

@article{dupire1994pricing,
  title={Pricing with a smile},
  author={Dupire, Bruno and others},
  journal={Risk},
  volume={7},
  number={1},
  pages={18--20},
  year={1994}
}
@article{coleman2001,
  title={Dynamic hedging with a deterministic local volatility function model},
  author={Coleman, Thomas F and Kim, Yohan and Li, Yuying and Verma, Arun},
  journal={The Journal of Risk},
  volume={5},
  number={6},
  pages={63--89},
  year={2001}
}
@book{wahba1990spline,
  title={Spline models for observational data},
  author={Wahba, Grace},
  volume={59},
  year={1990},
  publisher={Siam}
}




@article{garcia2000pricing,
  title={Pricing and hedging derivative securities with neural networks and a homogeneity hint},
  author={Garcia, Ren{\'e} and Gen{\c{c}}ay, Ramazan},
  journal={Journal of Econometrics},
  volume={94},
  number={1},
  pages={93--115},
  year={2000},
  publisher={Elsevier}
}

@article{gradojevic2009option,
  title={Option pricing with modular neural networks},
  author={Gradojevic, Nikola and Gen{\c{c}}ay, Ramazan and Kukolj, Dragan},
  journal={IEEE transactions on neural networks},
  volume={20},
  number={4},
  pages={626--637},
  year={2009},
  publisher={IEEE}
}

@article{bennell2004black,
  title={Black--Scholes versus artificial neural networks in pricing FTSE 100 options},
  author={Bennell, Julia and Sutcliffe, Charles},
  journal={Intelligent Systems in Accounting, Finance and Management},
  volume={12},
  number={4},
  pages={243--260},
  year={2004},
  publisher={Wiley Online Library}
}

@article{yao2000option,
  title={Option price forecasting using neural networks},
  author={Yao, Jingtao and Li, Yili and Tan, Chew Lim},
  journal={Omega},
  volume={28},
  number={4},
  pages={455--466},
  year={2000},
  publisher={Elsevier}
}


@article{malliaris1993neural,
  title={A neural network model for estimating option prices},
  author={Malliaris, Mary and Salchenberger, Linda},
  journal={Applied Intelligence},
  volume={3},
  number={3},
  pages={193--206},
  year={1993},
  publisher={Springer}
}


@article{broadie2000american,
  title={American options with stochastic dividends and volatility: A nonparametric investigation},
  author={Broadie, Mark and Detemple, J{\'e}r{\^o}me and Ghysels, Eric and Torr{\'e}s, Olivier},
  journal={Journal of Econometrics},
  volume={94},
  number={1},
  pages={53--92},
  year={2000},
  publisher={Elsevier}
}

@article{broadie2000nonparametric,
  title={Nonparametric estimation of American options' exercise boundaries and call prices},
  author={Broadie, Mark and Detemple, J{\'e}r{\^o}me and Ghysels, Eric and Torr{\`e}s, Olivier},
  journal={Journal of Economic Dynamics and Control},
  volume={24},
  number={11},
  pages={1829--1857},
  year={2000},
  publisher={Elsevier}
}

@article{ait2003nonparametric,
  title={Nonparametric option pricing under shape restrictions},
  author={A{\i}t-Sahalia, Yacine and Duarte, Jefferson},
  journal={Journal of Econometrics},
  volume={116},
  number={1},
  pages={9--47},
  year={2003},
  publisher={Elsevier}
}

@article{yatchew2006nonparametric,
  title={Nonparametric state price density estimation using constrained least squares and the bootstrap},
  author={Yatchew, Adonis and H{\"a}rdle, Wolfgang},
  journal={Journal of Econometrics},
  volume={133},
  number={2},
  pages={579--599},
  year={2006},
  publisher={Elsevier}
}

  @article{genccay2001pricing,
  title={Pricing and hedging derivative securities with neural networks: Bayesian regularization, early stopping, and bagging},
  author={Gen{\c{c}}ay, Ramazan and Qi, Min},
  journal={IEEE Transactions on Neural Networks},
  volume={12},
  number={4},
  pages={726--734},
  year={2001},
  publisher={IEEE}
}

@article{ait1998nonparametric,
  title={Nonparametric estimation of state-price densities implicit in financial asset prices},
  author={A{\"\i}t-Sahalia, Yacine and Lo, Andrew W},
  journal={The Journal of Finance},
  volume={53},
  number={2},
  pages={499--547},
  year={1998},
  publisher={Wiley Online Library}
}


@book{friedman2001elements,
  title={The elements of statistical learning},
  author={Friedman, Jerome and Hastie, Trevor and Tibshirani, Robert},
  volume={1},
  year={2001},
  publisher={Springer series in statistics Springer, Berlin}
}

@article{evgeniou2000regularization,
  title={Regularization networks and support vector machines},
  author={Evgeniou, Theodoros and Pontil, Massimiliano and Poggio, Tomaso},
  journal={Advances in computational mathematics},
  volume={13},
  number={1},
  pages={1--50},
  year={2000},
  publisher={Springer}
}

@book{vapnik1998statistical,
  title={Statistical learning theory},
  author={Vapnik, Vladimir Naumovich},
  volume={1},
  year={1998},
  publisher={Wiley New York}
}
@INCOLLECTION{Carr94,
  author  =      {P. Carr},
  title =        {European Put Call Symmetry},
  pages =        {509-537},
  publisher =    {Cornell University working paper},
  year =         {1994}
  }

@article{bakshi1997empirical,
  title={Empirical performance of alternative option pricing models},
  author={Bakshi, Gurdip and Cao, Charles and Chen, Zhiwu},
  journal={The Journal of finance},
  volume={52},
  number={5},
  pages={2003--2049},
  year={1997},
  publisher={Wiley Online Library}
}


@article{olah2015understanding,
  title={Understanding lstm networks},
  author={Olah, Christopher},
  journal={GITHUB blog, posted on August},
  volume={27},
  pages={2015},
  year={2015}
}



@inproceedings{chen2014lwi,
  title={LWI-SVD: low-rank, windowed, incremental singular value decompositions on time-evolving data sets},
  author={Chen, Xilun and Candan, K Selcuk},
  booktitle={Proceedings of the 20th ACM SIGKDD international conference on Knowledge discovery and data mining},
  pages={987--996},
  year={2014},
  organization={ACM}
}

@inproceedings{brand2003fast,
  title={Fast online svd revisions for lightweight recommender systems},
  author={Brand, Matthew},
  booktitle={Proceedings of the 2003 SIAM International Conference on Data Mining},
  pages={37--46},
  year={2003},
  organization={SIAM}
}

@misc{gu1994stable,
  title={A stable and fast algorithm for updating the singular value decomposition},
  author={Gu, Ming and Eisenstat, Stanley C},
  year={1994},
  publisher={preparation}
}

@article{knian2017,
  title={Learning minimum variance discrete hedging directly from the market},
  author={Nian, Ke and Coleman, Thomas F and Li, Yuying},
  journal={Quantitative Finance},
  pages={1--14},
  year={2018},
  publisher={Taylor \& Francis}
}

@article{tayal2014primal,
  title={Primal explicit max margin feature selection for nonlinear support vector machines},
  author={Tayal, Aditya and Coleman, Thomas F and Li, Yuying},
  journal={Pattern Recognition},
  volume={47},
  number={6},
  pages={2153--2164},
  year={2014},
  publisher={Elsevier}
}

@inproceedings{sutton1986two,
  title={Two problems with backpropagation and other steepest-descent learning procedures for networks},
  author={Sutton, Richard S},
  booktitle={Proc. 8th annual conf. cognitive science society},
  pages={823--831},
  year={1986},
  organization={Erlbaum}
}

@article{qian1999momentum,
  title={On the momentum term in gradient descent learning algorithms},
  author={Qian, Ning},
  journal={Neural networks},
  volume={12},
  number={1},
  pages={145--151},
  year={1999},
  publisher={Elsevier}
}

@inproceedings{nesterov1983method,
  title={A method for unconstrained convex minimization problem with the rate of convergence O (1/k2)},
  author={Nesterov, Yurii},
  booktitle={Doklady an SSSR},
  volume={269},
  number={3},
  pages={543--547},
  year={1983}
}

@article{duchi2011adaptive,
  title={Adaptive subgradient methods for online learning and stochastic optimization},
  author={Duchi, John and Hazan, Elad and Singer, Yoram},
  journal={Journal of Machine Learning Research},
  volume={12},
  number={Jul},
  pages={2121--2159},
  year={2011}
}


@article{ruder2016overview,
  title={An overview of gradient descent optimization algorithms},
  author={Ruder, Sebastian},
  journal={arXiv preprint arXiv:1609.04747},
  year={2016}
}


@article{chen2001semiparametric,
  title={Semiparametric ARX neural-network models with an application to forecasting inflation},
  author={Chen, Xiaohong and Racine, Jeffrey and Swanson, Norman R},
  journal={IEEE Transactions on neural networks},
  volume={12},
  number={4},
  pages={674--683},
  year={2001},
  publisher={IEEE}
}


@article{chen2007large,
  title={Large sample sieve estimation of semi-nonparametric models},
  author={Chen, Xiaohong},
  journal={Handbook of econometrics},
  volume={6},
  pages={5549--5632},
  year={2007},
  publisher={Elsevier}
}

@article{cho2014learning,
  title={Learning phrase representations using RNN encoder-decoder for statistical machine translation},
  author={Cho, Kyunghyun and Van Merri{\"e}nboer, Bart and Gulcehre, Caglar and Bahdanau, Dzmitry and Bougares, Fethi and Schwenk, Holger and Bengio, Yoshua},
  journal={arXiv preprint arXiv:1406.1078},
  year={2014}
}

@article{hulloptimal,
  title={Optimal delta hedging for options},
  author={Hull, John and White, Alan},
  journal={Journal of Banking \& Finance},
  year={2017},
  volume={82},
  pages={180--190},
  publisher={Elsevier}
}




@article{espinoza2006fixed,
  title={Fixed-size least squares support vector machines: A large scale application in electrical load forecasting},
  author={Espinoza, Marcelo and Suykens, Johan AK and De Moor, Bart},
  journal={Computational Management Science},
  volume={3},
  number={2},
  pages={113--129},
  year={2006},
  publisher={Springer}
}


@inproceedings{williams2001using,
  title={Using the Nystr{\"o}m method to speed up kernel machines},
  author={Williams, Christopher KI and Seeger, Matthias},
  booktitle={Advances in neural information processing systems},
  pages={682--688},
  year={2001}
}

@article{mercer1909functions,
  title={Functions of positive and negative type, and their connection with the theory of integral equations},
  author={Mercer, James},
  journal={Philosophical transactions of the royal society of London. Series A, containing papers of a mathematical or physical character},
  volume={209},
  pages={415--446},
  year={1909},
  publisher={JSTOR}
}

@book{suykens2002least,
  title={Least squares support vector machines},
  author={Suykens, Johan AK and Van Gestel, Tony and De Brabanter, Jos},
  year={2002},
  publisher={World Scientific}
}

@book{fletcher2013practical,
  title={Practical methods of optimization},
  author={Fletcher, Roger},
  year={2013},
  publisher={John Wiley \& Sons}
}


@article{cortes1995support,
  title={Support vector machine},
  author={Cortes, Corinna and Vapnik, Vladimir},
  journal={Machine learning},
  volume={20},
  number={3},
  pages={273--297},
  year={1995}
}

@inproceedings{smola2000sparse,
  title={Sparse Greedy Matrix Approximation for Machine Learning},
  author={Smola, Alex J and Sch{\"o}kopf, Bernhard},
  booktitle={Proceedings of the Seventeenth International Conference on Machine Learning},
  pages={911--918},
  year={2000},
  organization={Morgan Kaufmann Publishers Inc.}
}

@article{jiao2007fast,
  title={Fast sparse approximation for least squares support vector machine},
  author={Jiao, Licheng and Bo, Liefeng and Wang, Ling},
  journal={IEEE Transactions on Neural Networks},
  volume={18},
  number={3},
  pages={685--697},
  year={2007},
  publisher={IEEE}
}

@article{wang2014robust,
  title={Robust non-convex least squares loss function for regression with outliers},
  author={Wang, Kuaini and Zhong, Ping},
  journal={Knowledge-Based Systems},
  volume={71},
  pages={290--302},
  year={2014},
  publisher={Elsevier}
}
@article{yang2014robust,
  title={A robust least squares support vector machine for regression and classification with noise},
  author={Yang, Xiaowei and Tan, Liangjun and He, Lifang},
  journal={Neurocomputing},
  volume={140},
  pages={41--52},
  year={2014},
  publisher={Elsevier}
}

@article{feng2016robust,
  title={Robust support vector machines for classification with nonconvex and smooth losses},
  author={Feng, Yunlong and Yang, Yuning and Huang, Xiaolin and Mehrkanoon, Siamak and Suykens, Johan AK},
  journal={Neural computation},
  year={2016},
  publisher={MIT Press}
}

@article{jian2011design,
  title={Design of a multiple kernel learning algorithm for LS-SVM by convex programming},
  author={Jian, Ling and Xia, Zhonghang and Liang, Xijun and Gao, Chuanhou},
  journal={Neural Networks},
  volume={24},
  number={5},
  pages={476--483},
  year={2011},
  publisher={Elsevier}
}

@inproceedings{varma2009more,
  title={More generality in efficient multiple kernel learning},
  author={Varma, Manik and Babu, Bodla Rakesh},
  booktitle={Proceedings of the 26th Annual International Conference on Machine Learning},
  pages={1065--1072},
  year={2009},
  organization={ACM}
}

@inproceedings{sutskever2013importance,
  title={On the importance of initialization and momentum in deep learning},
  author={Sutskever, Ilya and Martens, James and Dahl, George and Hinton, Geoffrey},
  booktitle={International conference on machine learning},
  pages={1139--1147},
  year={2013}
}



@inproceedings{xu2006robust,
  title={Robust support vector machine training via convex outlier ablation},
  author={Xu, Linli and Crammer, Koby and Schuurmans, Dale},
  booktitle={AAAI},
  volume={6},
  pages={536--542},
  year={2006}
}




@inproceedings{collobert2006trading,
  title={Trading convexity for scalability},
  author={Collobert, Ronan and Sinz, Fabian and Weston, Jason and Bottou, L{\'e}on},
  booktitle={Proceedings of the 23rd international conference on Machine learning},
  pages={201--208},
  year={2006},
  organization={ACM}
}

@article{wu2007robust,
  title={Robust truncated hinge loss support vector machines},
  author={Wu, Yichao and Liu, Yufeng},
  journal={Journal of the American Statistical Association},
  volume={102},
  number={479},
  pages={974--983},
  year={2007},
  publisher={Taylor \& Francis}
}

@article{long2010random,
  title={Random classification noise defeats all convex potential boosters},
  author={Long, Philip M and Servedio, Rocco A},
  journal={Machine learning},
  volume={78},
  number={3},
  pages={287--304},
  year={2010},
  publisher={Springer}
}

@inproceedings{yu2012polynomial,
  title={A polynomial-time form of robust regression},
  author={Yu, Yao-liang and Aslan, {\"O}zlem and Schuurmans, Dale},
  booktitle={Advances in Neural Information Processing Systems},
  pages={2483--2491},
  year={2012}
}

@article{mandelbrot1963variation,
  title={The variation of certain speculative prices},
  author={Mandelbrot, Benoit},
  journal={The journal of business},
  volume={36},
  number={4},
  pages={394--419},
  year={1963},
  publisher={JSTOR}
}

@article{engle1982autoregressive,
  title={Autoregressive conditional heteroscedasticity with estimates of the variance of United Kingdom inflation},
  author={Engle, Robert F},
  journal={Econometrica: Journal of the Econometric Society},
  pages={987--1007},
  year={1982},
  publisher={JSTOR}
}

@article{hopfield1982neural,
  title={Neural networks and physical systems with emergent collective computational abilities},
  author={Hopfield, John J},
  journal={Proceedings of the national academy of sciences},
  volume={79},
  number={8},
  pages={2554--2558},
  year={1982},
  publisher={National Acad Sciences}
}

@techreport{jordan1986serial,
  title={Serial Order: A Parallel Distributed Processing Approach.},
  author={Jordan, Michael I},
  year={1986},
  institution={CALIFORNIA UNIV SAN DIEGO LA JOLLA INST FOR COGNITIVE SCIENCE}
}

@article{elman1990finding,
  title={Finding structure in time},
  author={Elman, Jeffrey L},
  journal={Cognitive science},
  volume={14},
  number={2},
  pages={179--211},
  year={1990},
  publisher={Wiley Online Library}
}


@article{mozer1989focused,
  title={A focused back-propagation algorithm for temporal pattern recognition},
  author={Mozer, Michael C},
  journal={Complex systems},
  volume={3},
  number={4},
  pages={349--381},
  year={1989}
}

@article{hirsch1989convergent,
  title={Convergent activation dynamics in continuous time networks},
  author={Hirsch, Morris W},
  journal={Neural networks},
  volume={2},
  number={5},
  pages={331--349},
  year={1989},
  publisher={Elsevier}
}

@article{werbos1988generalization,
  title={Generalization of backpropagation with application to a recurrent gas market model},
  author={Werbos, Paul J},
  journal={Neural networks},
  volume={1},
  number={4},
  pages={339--356},
  year={1988},
  publisher={Elsevier}
}

@misc{hochreiter2001gradient,
  title={Gradient flow in recurrent nets: the difficulty of learning long-term dependencies},
  author={Hochreiter, Sepp and Bengio, Yoshua and Frasconi, Paolo and Schmidhuber, J{\"u}rgen and others},
  year={2001},
  publisher={A field guide to dynamical recurrent neural networks. IEEE Press}
}

@article{hochreiter1997long,
  title={Long short-term memory},
  author={Hochreiter, Sepp and Schmidhuber, J{\"u}rgen},
  journal={Neural computation},
  volume={9},
  number={8},
  pages={1735--1780},
  year={1997},
  publisher={MIT Press}
}


@inproceedings{sutskever2014sequence,
  title={Sequence to sequence learning with neural networks},
  author={Sutskever, Ilya and Vinyals, Oriol and Le, Quoc V},
  booktitle={Advances in neural information processing systems},
  pages={3104--3112},
  year={2014}
}

@inproceedings{yu2015minimizing,
  title={Minimizing nonconvex non-separable functions},
  author={Yu, Yaoliang and Zheng, Xun and Marchetti-Bowick, Micol and Xing, Eric},
  booktitle={Artificial Intelligence and Statistics},
  pages={1107--1115},
  year={2015}
}

@book{Goodfellow-et-al-2016,
    title={Deep Learning},
    author={Ian Goodfellow and Yoshua Bengio and Aaron Courville},
    publisher={MIT Press},
    note={\url{http://www.deeplearningbook.org}},
    year={2016}
}

@article{lipton2015critical,
  title={A critical review of recurrent neural networks for sequence learning},
  author={Lipton, Zachary C and Berkowitz, John and Elkan, Charles},
  journal={arXiv preprint arXiv:1506.00019},
  year={2015}
}

@inproceedings{maas2012recurrent,
  title={Recurrent neural networks for noise reduction in robust ASR},
  author={Maas, Andrew L and Le, Quoc V and O'Neil, Tyler M and Vinyals, Oriol and Nguyen, Patrick and Ng, Andrew Y},
  booktitle={Thirteenth Annual Conference of the International Speech Communication Association},
  year={2012}
}

@article{cheng2012using,
  title={Using cross-validation for model parameter selection of sequential probability ratio test},
  author={Cheng, Shunfeng and Pecht, Michael},
  journal={Expert Systems with Applications},
  volume={39},
  number={9},
  pages={8467--8473},
  year={2012},
  publisher={Elsevier}
}

@article{bahdanau2014neural,
  title={Neural machine translation by jointly learning to align and translate},
  author={Bahdanau, Dzmitry and Cho, Kyunghyun and Bengio, Yoshua},
  journal={arXiv preprint arXiv:1409.0473},
  year={2014}
}

@article{cho2015describing,
  title={Describing multimedia content using attention-based encoder-decoder networks},
  author={Cho, Kyunghyun and Courville, Aaron and Bengio, Yoshua},
  journal={IEEE Transactions on Multimedia},
  volume={17},
  number={11},
  pages={1875--1886},
  year={2015},
  publisher={IEEE}
}


@article{cooijmans2016recurrent,
  title={Recurrent batch normalization},
  author={Cooijmans, Tim and Ballas, Nicolas and Laurent, C{\'e}sar and G{\"u}l{\c{c}}ehre, {\c{C}}a{\u{g}}lar and Courville, Aaron},
  journal={arXiv preprint arXiv:1603.09025},
  year={2016}
}

@article{ba2016layer,
  title={Layer normalization},
  author={Ba, Jimmy Lei and Kiros, Jamie Ryan and Hinton, Geoffrey E},
  journal={arXiv preprint arXiv:1607.06450},
  year={2016}
}







@inproceedings{reddi2018convergence,
  title={On the convergence of adam and beyond},
  author={Reddi, Sashank J and Kale, Satyen and Kumar, Sanjiv},
  booktitle={International Conference on Learning Representations},
  year={2018}
}




@article{merton1973theory,
  title={Theory of rational option pricing},
  author={Merton, Robert C},
  journal={The Bell Journal of economics and management science},
  pages={141--183},
  year={1973},
  publisher={JSTOR}
}



@article{yin2017comparative,
	title={Comparative study of cnn and rnn for natural language processing},
	author={Yin, Wenpeng and Kann, Katharina and Yu, Mo and Sch{\"u}tze, Hinrich},
	journal={arXiv preprint arXiv:1702.01923},
	year={2017}
}

@article{chung2014empirical,
	title={Empirical evaluation of gated recurrent neural networks on sequence modeling},
	author={Chung, Junyoung and Gulcehre, Caglar and Cho, KyungHyun and Bengio, Yoshua},
	journal={arXiv preprint arXiv:1412.3555},
	year={2014}
}

@article{huber1964robust,
	title={Robust estimation of a location parameter},
	author={Huber, Peter J and others},
	journal={The annals of mathematical statistics},
	volume={35},
	number={1},
	pages={73--101},
	year={1964},
	publisher={Institute of Mathematical Statistics}
}

@article{saxe2013exact,
	title={Exact solutions to the nonlinear dynamics of learning in deep linear neural networks},
	author={Saxe, Andrew M and McClelland, James L and Ganguli, Surya},
	journal={arXiv preprint arXiv:1312.6120},
	year={2013}
}

@article{mishkin2015all,
	title={All you need is a good init},
	author={Mishkin, Dmytro and Matas, Jiri},
	journal={arXiv preprint arXiv:1511.06422},
	year={2015}
}

@article{le2015simple,
	title={A simple way to initialize recurrent networks of rectified linear units},
	author={Le, Quoc V and Jaitly, Navdeep and Hinton, Geoffrey E},
	journal={arXiv preprint arXiv:1504.00941},
	year={2015}
}

@incollection{mccloskey1989catastrophic,
	title={Catastrophic interference in connectionist networks: The sequential learning problem},
	author={McCloskey, Michael and Cohen, Neal J},
	booktitle={Psychology of learning and motivation},
	volume={24},
	pages={109--165},
	year={1989},
	publisher={Elsevier}
}

@article{xu2017second,
	title={Second-order optimization for non-convex machine learning: An empirical study},
	author={Xu, Peng and Roosta-Khorasan, Farbod and Mahoney, Michael W},
	journal={arXiv preprint arXiv:1708.07827},
	year={2017}
}


@article{yao2018inexact,
	title={Inexact non-convex Newton-type methods},
	author={Yao, Zhewei and Xu, Peng and Roosta-Khorasani, Farbod and Mahoney, Michael W},
	journal={arXiv preprint arXiv:1802.06925},
	year={2018}
}

@inproceedings{martens2010deep,
	title={Deep learning via Hessian-free optimization.},
	author={Martens, James},
	booktitle={ICML},
	volume={27},
	pages={735--742},
	year={2010}
}

@inproceedings{martens2011learning,
	title={Learning recurrent neural networks with hessian-free optimization},
	author={Martens, James and Sutskever, Ilya},
	booktitle={Proceedings of the 28th International Conference on Machine Learning (ICML-11)},
	pages={1033--1040},
	year={2011},
	organization={Citeseer}
}

@article{byrd1987trust,
	title={A trust region algorithm for nonlinearly constrained optimization},
	author={Byrd, Richard H and Schnabel, Robert B and Shultz, Gerald A},
	journal={SIAM Journal on Numerical Analysis},
	volume={24},
	number={5},
	pages={1152--1170},
	year={1987},
	publisher={SIAM}
}

@article{lenders2018trlib,
	title={trlib: A vector-free implementation of the GLTR method for iterative solution of the trust region problem},
	author={Lenders, Felix and Kirches, Christian and Potschka, Andreas},
	journal={Optimization Methods and Software},
	volume={33},
	number={3},
	pages={420--449},
	year={2018},
	publisher={Taylor \& Francis}
}

@inproceedings{maas2013rectifier,
	title={Rectifier nonlinearities improve neural network acoustic models},
	author={Maas, Andrew L and Hannun, Awni Y and Ng, Andrew Y},
	booktitle={Proc. icml},
	volume={30},
	number={1},
	pages={3},
	year={2013}
}

@article{coleman2007total,
	title={Total risk minimization using Monte Carlo simulations},
	author={Coleman, Thomas F and Li, Yuying and Patron, Maria-Cristina},
	journal={Handbooks in Operations Research and Management Science},
	volume={15},
	pages={593--635},
	year={2007},
	publisher={Elsevier}
}

@article{heston2000closed,
	title={A closed-form GARCH option valuation model},
	author={Heston, Steven L and Nandi, Saikat},
	journal={The review of financial studies},
	volume={13},
	number={3},
	pages={585--625},
	year={2000},
	publisher={Oxford University Press}
}


@article{duan2006approximating,
	title={Approximating the GJR-GARCH and EGARCH option pricing models analytically},
	author={Duan, J and Gauthier, Genevieve and Simonato, J and Sasseville, Caroline},
	journal={Journal of Computational Finance},
	volume={9},
	number={3},
	pages={41},
	year={2006},
	publisher={RISK PUBLICATIONS}
}

@book{duan1997analytical,
	title={An analytical approximation for the GARCH option pricing model},
	author={Duan, Jin-Chuan and Gauthier, Genevieve and Simonato, Jean-Guy},
	year={1997},
	publisher={{\'E}cole des hautes {\'e}tudes commerciales, Groupe de recherche en finance}
}

@article{duan1995garch,
	title={The GARCH option pricing model},
	author={Duan, Jin-Chuan},
	journal={Mathematical finance},
	volume={5},
	number={1},
	pages={13--32},
	year={1995},
	publisher={Wiley Online Library}
}


@inproceedings{marchiori2005feature,
	title={Feature selection for classification with proteomic data of mixed quality},
	author={Marchiori, Elena and Heegaard, Niels HH and West-Nielsen, Mikkel and Jimenez, Connie R},
	booktitle={Computational Intelligence in Bioinformatics and Computational Biology, 2005. CIBCB'05. Proceedings of the 2005 IEEE Symposium on},
	pages={1--7},
	year={2005},
	organization={IEEE}
}


@article{robnik2003theoretical,
	title={Theoretical and empirical analysis of ReliefF and RReliefF},
	author={Robnik-{\v{S}}ikonja, Marko and Kononenko, Igor},
	journal={Machine learning},
	volume={53},
	number={1-2},
	pages={23--69},
	year={2003},
	publisher={Springer}
}

@book{goodfellow2016deep,
  title={Deep learning},
  author={Goodfellow, Ian and Bengio, Yoshua and Courville, Aaron},
  year={2016},
  publisher={MIT press}
}


@article{guyon2002gene,
	title={Gene selection for cancer classification using support vector machines},
	author={Guyon, Isabelle and Weston, Jason and Barnhill, Stephen and Vapnik, Vladimir},
	journal={Machine learning},
	volume={46},
	number={1-3},
	pages={389--422},
	year={2002},
	publisher={Springer}
}


@article{guyon2003introduction,
	title={An introduction to variable and feature selection},
	author={Guyon, Isabelle and Elisseeff, Andr{\'e}},
	journal={Journal of machine learning research},
	volume={3},
	number={Mar},
	pages={1157--1182},
	year={2003}
}

@inproceedings{tan2010learning,
	title={Learning sparse svm for feature selection on very high dimensional datasets},
	author={Tan, Mingkui and Wang, Li and Tsang, Ivor W},
	booktitle={Proceedings of the 27th international conference on machine learning (ICML-10)},
	pages={1047--1054},
	year={2010}
}


@article{girosi1995regularization,
	title={Regularization theory and neural networks architectures},
	author={Girosi, Federico and Jones, Michael and Poggio, Tomaso},
	journal={Neural computation},
	volume={7},
	number={2},
	pages={219--269},
	year={1995},
	publisher={MIT Press}
}


@article{raskutti2014early,
	title={Early stopping and non-parametric regression: an optimal data-dependent stopping rule},
	author={Raskutti, Garvesh and Wainwright, Martin J and Yu, Bin},
	journal={The Journal of Machine Learning Research},
	volume={15},
	number={1},
	pages={335--366},
	year={2014},
	publisher={JMLR. org}
}


@article{kou2002jump,
  title={A jump-diffusion model for option pricing},
  author={Kou, Steven G},
  journal={Management science},
  volume={48},
  number={8},
  pages={1086--1101},
  year={2002},
  publisher={INFORMS}
}


@article{reddi2019convergence,
	title={On the convergence of adam and beyond},
	author={Reddi, Sashank J and Kale, Satyen and Kumar, Sanjiv},
	journal={arXiv preprint arXiv:1904.09237},
	year={2019}
}

@article{tieleman2012lecture,
	title={Lecture 6.5-rmsprop: Divide the gradient by a running average of its recent magnitude},
	author={Tieleman, Tijmen and Hinton, Geoffrey},
	journal={COURSERA: Neural networks for machine learning},
	volume={4},
	number={2},
	pages={26--31},
	year={2012}
}

@article{kingma2014adam,
	title={Adam: A method for stochastic optimization},
	author={Kingma, Diederik P and Ba, Jimmy},
	journal={arXiv preprint arXiv:1412.6980},
	year={2014}
}

@article{zeiler2012adadelta,
	title={ADADELTA: an adaptive learning rate method},
	author={Zeiler, Matthew D},
	journal={arXiv preprint arXiv:1212.5701},
	year={2012}
}


@article{buehler2019deep,
	title={Deep Hedging: Hedging Derivatives Under Generic Market Frictions Using Reinforcement Learning-Machine Learning Version},
	author={Buehler, Hans and Gonon, Lukas and Wood, Ben and Teichmann, Josef and Mohan, Baranidharan and Kochems, Jonathan},
	journal={Available at SSRN},
	year={2019}
}


@article{bartlett2006hedging,
	title={Hedging under SABR model},
	author={Bartlett, Bruce},
	journal={Wilmott magazine},
	volume={4},
	pages={2--4},
	year={2006}
}

@article{hagan2017bartlett,
	title={Bartlett's delta in the SABR model},
	author={Hagan, Patrick and Lesniewski, Andrew},
	journal={Available at SSRN 2950749},
	year={2017}
}




@article{daglish2007volatility,
	title={Volatility surfaces: theory, rules of thumb, and empirical evidence},
	author={Daglish, Toby and Hull, John and Suo, Wulin},
	journal={Quantitative Finance},
	volume={7},
	number={5},
	pages={507--524},
	year={2007},
	publisher={Taylor \& Francis}
}

@article{black1976pricing,
  title={The pricing of commodity contracts},
  author={Black, Fischer},
  journal={Journal of financial economics},
  volume={3},
  number={1-2},
  pages={167--179},
  year={1976},
  publisher={Elsevier}
}

@book{shreve2004stochastic,
  title={Stochastic calculus for finance II: Continuous-time models},
  author={Shreve, Steven E},
  volume={11},
  year={2004},
  publisher={Springer Science \& Business Media}
}

@article{knian2019,
  title={Learning Sequential Option Hedging Models from Market Data},
  author={Nian, Ke and Coleman, Thomas F and Li, Yuying},
  journal={Journal of Banking and Finance},
  year={2019},
  publisher={Elsevier},
  note={Accepted Pending Revision}
}

@unpublished{knian2020,
  title={Learning Sequential Total Hedging Models from Market Data},
  author={Nian, Ke and Coleman, Thomas F and Li, Yuying},
  year={2019},
  note={Submitted}
}

@book{gatheral2011volatility,
  title={The volatility surface: a practitioner's guide},
  author={Gatheral, Jim},
  volume={357},
  year={2011},
  publisher={John Wiley \& Sons}
}

@incollection{cox2005theory,
	title={A theory of the term structure of interest rates},
	author={Cox, John C and Ingersoll Jr, Jonathan E and Ross, Stephen A},
	booktitle={Theory of valuation},
	pages={129--164},
	year={2005},
	publisher={World Scientific}
}

@article{yung2003empirical,
  title={An empirical investigation of the GARCH option pricing model: hedging performance},
  author={Yung, Haynes HM and Zhang, Hua},
  journal={Journal of Futures Markets: Futures, Options, and Other Derivative Products},
  volume={23},
  number={12},
  pages={1191--1207},
  year={2003},
  publisher={Wiley Online Library}
}

@article{lassance2018comparison,
  title={A comparison of pricing and hedging performances of equity derivatives models},
  author={Lassance, Nathan and Vrins, Fr{\'e}d{\'e}ric},
  journal={Applied Economics},
  volume={50},
  number={10},
  pages={1122--1137},
  year={2018},
  publisher={Taylor \& Francis}
}

@article{andreasen2010volatility,
  title={Volatility interpolation},
  author={Andreasen, Jesper and Huge, Brian Norsk},
  journal={Available at SSRN 1694972},
  year={2010}
}

@article{carr2005note,
  title={A note on sufficient conditions for no arbitrage},
  author={Carr, Peter and Madan, Dilip B},
  journal={Finance Research Letters},
  volume={2},
  number={3},
  pages={125--130},
  year={2005},
  publisher={Elsevier}
}

@article{gatheral2004parsimonious,
	title={A parsimonious arbitrage-free implied volatility parameterization with application to the valuation of volatility derivatives},
	author={Gatheral, Jim},
	journal={Presentation at Global Derivatives \& Risk Management, Madrid},
	pages={0},
	year={2004}
}

@article{gatheral2014arbitrage,
	title={Arbitrage-free SVI volatility surfaces},
	author={Gatheral, Jim and Jacquier, Antoine},
	journal={Quantitative Finance},
	volume={14},
	number={1},
	pages={59--71},
	year={2014},
	publisher={Taylor \& Francis}
}


@article{hendriks2017extended,
	title={The extended SSVI volatility surface},
	author={Hendriks, Sebas and Martini, Claude},
	journal={Available at SSRN 2971502},
	year={2017}
}

@article{corbetta2019robust,
	title={Robust calibration and arbitrage-free interpolation of SSVI slices},
	author={Corbetta, Jacopo and Cohort, Pierre and Laachir, Ismail and Martini, Claude},
	journal={Decisions in Economics and Finance},
	volume={42},
	number={2},
	pages={665--677},
	year={2019},
	publisher={Springer}
}

@article{schweizer1995variance,
	title={Variance-optimal hedging in discrete time},
	author={Schweizer, Martin},
	journal={Mathematics of Operations Research},
	volume={20},
	number={1},
	pages={1--32},
	year={1995},
	publisher={INFORMS}
}

@article{chen2011calibration,
	title={Calibration and Monte Carlo pricing of the SABR-Hull-White model for long-maturity equity derivatives},
	author={Chen, Bin and Grzelak, Lech A and Oosterlee, Cornelis W},
	journal={The Journal of Computational Finance (79--113) Volume},
	volume={15},
	year={2011}
}

@article{bergeron2021variational,
	title={Variational Autoencoders: A Hands-Off Approach to Volatility},
	author={Bergeron, Maxime and Fung, Nicholas and Poulos, Zissis and Hull, John C and Veneris, Andreas},
	journal={Available at SSRN 3827447},
	year={2021}
}

@article{kingma2013auto,
	title={Auto-encoding variational bayes},
	author={Kingma, Diederik P and Welling, Max},
	journal={arXiv preprint arXiv:1312.6114},
	year={2013}
}



@article{pardo2020mitigating,
	title={Mitigating overfitting on financial datasets with generative adversarial networks},
	author={Pardo, Fernando De Meer and L{\'o}pez, Rafael Cobo},
	journal={The Journal of Financial Data Science},
	volume={2},
	number={1},
	pages={76--85},
	year={2020},
	publisher={Institutional Investor Journals Umbrella}
}


@article{goodfellow2014generative,
	title={Generative adversarial networks},
	author={Goodfellow, Ian J and Pouget-Abadie, Jean and Mirza, Mehdi and Xu, Bing and Warde-Farley, David and Ozair, Sherjil and Courville, Aaron and Bengio, Yoshua},
	journal={arXiv preprint arXiv:1406.2661},
	year={2014}
}

@article{follmer1999quantile,
  title={Quantile hedging},
  author={F{\"o}llmer, Hans and Leukert, Peter},
  journal={Finance and Stochastics},
  volume={3},
  number={3},
  pages={251--273},
  year={1999},
  publisher={Springer}
}


@article{follmer2000efficient,
  title={Efficient hedging: cost versus shortfall risk},
  author={F{\"o}llmer, Hans and Leukert, Peter},
  journal={Finance and Stochastics},
  volume={4},
  number={2},
  pages={117--146},
  year={2000},
  publisher={Springer}
}

@article{schweizerguided,
  title={A Guided Tour through Quadratic Hedging Approaches},
  author={Schweizer, Martin},
  journal={Option Pricing, Interest Rates and Risk Management},
  pages={538}
}

@article{coleman2003discrete,
  title={Discrete Hedging Under Piecewise Linear Risk-Minimization},
  author={Coleman, Thomas F and Li, Yuying and Patron, Maria-Cristina},
  year={2003},
  journal={Option Pricing, Interest Rates and Risk Management},
  volume={5},
  pages={39--65},

}

@article{el1995dynamic,
  title={Dynamic programming and pricing of contingent claims in an incomplete market},
  author={El Karoui, Nicole and Quenez, Marie-Claire},
  journal={SIAM journal on Control and Optimization},
  volume={33},
  number={1},
  pages={29--66},
  year={1995},
  publisher={SIAM}
}

@article{coleman2007discrete,
  title={Discrete hedging of American-type options using local risk minimization},
  author={Coleman, Thomas F and Levchenkov, Dmitriy and Li, Yuying},
  journal={Journal of Banking \& Finance},
  volume={31},
  number={11},
  pages={3398--3419},
  year={2007},
  publisher={Elsevier}
}